<?xml version="1.0" encoding="UTF-8"?><collection xmlns="http://www.loc.gov/MARC21/slim"><record><leader>00389nam--2200121-i-4500</leader><controlfield tag="001">000010060</controlfield><controlfield tag="002">20161230</controlfield><controlfield tag="005">20161230201028</controlfield><controlfield tag="008">060222s1000------------r-----000-0-eng-d</controlfield><datafield ind1=" " ind2=" " tag="245"><subfield code="a">Science and ideas. selected readings. edited and with an introduction by ..</subfield></datafield><datafield ind1=" " ind2=" " tag="260"><subfield code="a">Englewood Cliffs, N.J., Prentice-hall, Inc. 1964 X + 278 P</subfield></datafield><datafield ind1=" " ind2=" " tag="700"><subfield code="a">Arons, Arnold B.And Bork, Alfred M</subfield></datafield><datafield ind1=" " ind2=" " tag="852"><subfield code="a">36374</subfield></datafield></record></collection>